@online{LPPL,
	title = {LaTeX Project Public License (LPPL)},
	author = {Open Source Initiative (OSI)},
	year = {2008},
	url = {https://opensource.org/licenses/lppl},
	urldate = {2017-10-21}
}

@online{CTAN,
	title = {Why TeX?},
	author = {Comprehensive TeX Archive Network (CTAN)},
	url = {https://www.ctan.org/tex/},
	urldate = {2017-10-21}
}

@online{eqnarray,
	title = {Avoid eqnarray!},
	author = {Lars Madsen},
	url = {http://tug.org/TUGboat/tb33-1/tb103madsen.pdf},
	urldate = {2017-10-21}
}